%YAML 1.1
%TAG !u! tag:unity3d.com,2011:
--- !u!1 &160112
GameObject:
  m_ObjectHideFlags: 1
  m_PrefabParentObject: {fileID: 0}
  m_PrefabInternal: {fileID: 100100000}
  serializedVersion: 4
  m_Component:
  - 4: {fileID: 460158}
  - 33: {fileID: 3360112}
  - 23: {fileID: 2360112}
  m_Layer: 0
  m_Name: rifle
  m_TagString: Untagged
  m_Icon: {fileID: 0}
  m_NavMeshLayer: 0
  m_StaticEditorFlags: 0
  m_IsActive: 1
--- !u!1 &160114
GameObject:
  m_ObjectHideFlags: 1
  m_PrefabParentObject: {fileID: 0}
  m_PrefabInternal: {fileID: 100100000}
  serializedVersion: 4
  m_Component:
  - 4: {fileID: 460112}
  m_Layer: 0
  m_Name: Bip001 R Finger2Nub
  m_TagString: Untagged
  m_Icon: {fileID: 0}
  m_NavMeshLayer: 0
  m_StaticEditorFlags: 0
  m_IsActive: 1
--- !u!1 &160116
GameObject:
  m_ObjectHideFlags: 1
  m_PrefabParentObject: {fileID: 0}
  m_PrefabInternal: {fileID: 100100000}
  serializedVersion: 4
  m_Component:
  - 4: {fileID: 460118}
  m_Layer: 0
  m_Name: Bip001 R Finger2
  m_TagString: Untagged
  m_Icon: {fileID: 0}
  m_NavMeshLayer: 0
  m_StaticEditorFlags: 0
  m_IsActive: 1
--- !u!1 &160118
GameObject:
  m_ObjectHideFlags: 1
  m_PrefabParentObject: {fileID: 0}
  m_PrefabInternal: {fileID: 100100000}
  serializedVersion: 4
  m_Component:
  - 4: {fileID: 460114}
  m_Layer: 0
  m_Name: Bip001 R Finger1Nub
  m_TagString: Untagged
  m_Icon: {fileID: 0}
  m_NavMeshLayer: 0
  m_StaticEditorFlags: 0
  m_IsActive: 1
--- !u!1 &160120
GameObject:
  m_ObjectHideFlags: 1
  m_PrefabParentObject: {fileID: 0}
  m_PrefabInternal: {fileID: 100100000}
  serializedVersion: 4
  m_Component:
  - 4: {fileID: 460120}
  m_Layer: 0
  m_Name: Bip001 R Finger1
  m_TagString: Untagged
  m_Icon: {fileID: 0}
  m_NavMeshLayer: 0
  m_StaticEditorFlags: 0
  m_IsActive: 1
--- !u!1 &160122
GameObject:
  m_ObjectHideFlags: 1
  m_PrefabParentObject: {fileID: 0}
  m_PrefabInternal: {fileID: 100100000}
  serializedVersion: 4
  m_Component:
  - 4: {fileID: 460116}
  m_Layer: 0
  m_Name: Bip001 R Finger0Nub
  m_TagString: Untagged
  m_Icon: {fileID: 0}
  m_NavMeshLayer: 0
  m_StaticEditorFlags: 0
  m_IsActive: 1
--- !u!1 &160124
GameObject:
  m_ObjectHideFlags: 1
  m_PrefabParentObject: {fileID: 0}
  m_PrefabInternal: {fileID: 100100000}
  serializedVersion: 4
  m_Component:
  - 4: {fileID: 460122}
  m_Layer: 0
  m_Name: Bip001 R Finger0
  m_TagString: Untagged
  m_Icon: {fileID: 0}
  m_NavMeshLayer: 0
  m_StaticEditorFlags: 0
  m_IsActive: 1
--- !u!1 &160126
GameObject:
  m_ObjectHideFlags: 1
  m_PrefabParentObject: {fileID: 0}
  m_PrefabInternal: {fileID: 100100000}
  serializedVersion: 4
  m_Component:
  - 4: {fileID: 460126}
  m_Layer: 0
  m_Name: Bip001 R Forearm
  m_TagString: Untagged
  m_Icon: {fileID: 0}
  m_NavMeshLayer: 0
  m_StaticEditorFlags: 0
  m_IsActive: 1
--- !u!1 &160128
GameObject:
  m_ObjectHideFlags: 1
  m_PrefabParentObject: {fileID: 0}
  m_PrefabInternal: {fileID: 100100000}
  serializedVersion: 4
  m_Component:
  - 4: {fileID: 460128}
  m_Layer: 0
  m_Name: Bip001 R UpperArm
  m_TagString: Untagged
  m_Icon: {fileID: 0}
  m_NavMeshLayer: 0
  m_StaticEditorFlags: 0
  m_IsActive: 1
--- !u!1 &160130
GameObject:
  m_ObjectHideFlags: 1
  m_PrefabParentObject: {fileID: 0}
  m_PrefabInternal: {fileID: 100100000}
  serializedVersion: 4
  m_Component:
  - 4: {fileID: 460152}
  m_Layer: 0
  m_Name: Bip001 R Clavicle
  m_TagString: Untagged
  m_Icon: {fileID: 0}
  m_NavMeshLayer: 0
  m_StaticEditorFlags: 0
  m_IsActive: 1
--- !u!1 &160132
GameObject:
  m_ObjectHideFlags: 1
  m_PrefabParentObject: {fileID: 0}
  m_PrefabInternal: {fileID: 100100000}
  serializedVersion: 4
  m_Component:
  - 4: {fileID: 460130}
  m_Layer: 0
  m_Name: Bip001 L Finger2Nub
  m_TagString: Untagged
  m_Icon: {fileID: 0}
  m_NavMeshLayer: 0
  m_StaticEditorFlags: 0
  m_IsActive: 1
--- !u!1 &160134
GameObject:
  m_ObjectHideFlags: 1
  m_PrefabParentObject: {fileID: 0}
  m_PrefabInternal: {fileID: 100100000}
  serializedVersion: 4
  m_Component:
  - 4: {fileID: 460136}
  m_Layer: 0
  m_Name: Bip001 L Finger2
  m_TagString: Untagged
  m_Icon: {fileID: 0}
  m_NavMeshLayer: 0
  m_StaticEditorFlags: 0
  m_IsActive: 1
--- !u!1 &160136
GameObject:
  m_ObjectHideFlags: 1
  m_PrefabParentObject: {fileID: 0}
  m_PrefabInternal: {fileID: 100100000}
  serializedVersion: 4
  m_Component:
  - 4: {fileID: 460132}
  m_Layer: 0
  m_Name: Bip001 L Finger1Nub
  m_TagString: Untagged
  m_Icon: {fileID: 0}
  m_NavMeshLayer: 0
  m_StaticEditorFlags: 0
  m_IsActive: 1
--- !u!1 &160138
GameObject:
  m_ObjectHideFlags: 1
  m_PrefabParentObject: {fileID: 0}
  m_PrefabInternal: {fileID: 100100000}
  serializedVersion: 4
  m_Component:
  - 4: {fileID: 460138}
  m_Layer: 0
  m_Name: Bip001 L Finger1
  m_TagString: Untagged
  m_Icon: {fileID: 0}
  m_NavMeshLayer: 0
  m_StaticEditorFlags: 0
  m_IsActive: 1
--- !u!1 &160140
GameObject:
  m_ObjectHideFlags: 1
  m_PrefabParentObject: {fileID: 0}
  m_PrefabInternal: {fileID: 100100000}
  serializedVersion: 4
  m_Component:
  - 4: {fileID: 460134}
  m_Layer: 0
  m_Name: Bip001 L Finger0Nub
  m_TagString: Untagged
  m_Icon: {fileID: 0}
  m_NavMeshLayer: 0
  m_StaticEditorFlags: 0
  m_IsActive: 1
--- !u!1 &160142
GameObject:
  m_ObjectHideFlags: 1
  m_PrefabParentObject: {fileID: 0}
  m_PrefabInternal: {fileID: 100100000}
  serializedVersion: 4
  m_Component:
  - 4: {fileID: 460140}
  m_Layer: 0
  m_Name: Bip001 L Finger0
  m_TagString: Untagged
  m_Icon: {fileID: 0}
  m_NavMeshLayer: 0
  m_StaticEditorFlags: 0
  m_IsActive: 1
--- !u!1 &160144
GameObject:
  m_ObjectHideFlags: 1
  m_PrefabParentObject: {fileID: 0}
  m_PrefabInternal: {fileID: 100100000}
  serializedVersion: 4
  m_Component:
  - 4: {fileID: 460142}
  m_Layer: 0
  m_Name: Bip001 L Hand
  m_TagString: Untagged
  m_Icon: {fileID: 0}
  m_NavMeshLayer: 0
  m_StaticEditorFlags: 0
  m_IsActive: 1
--- !u!1 &160146
GameObject:
  m_ObjectHideFlags: 1
  m_PrefabParentObject: {fileID: 0}
  m_PrefabInternal: {fileID: 100100000}
  serializedVersion: 4
  m_Component:
  - 4: {fileID: 460144}
  m_Layer: 0
  m_Name: Bip001 L Forearm
  m_TagString: Untagged
  m_Icon: {fileID: 0}
  m_NavMeshLayer: 0
  m_StaticEditorFlags: 0
  m_IsActive: 1
--- !u!1 &160148
GameObject:
  m_ObjectHideFlags: 1
  m_PrefabParentObject: {fileID: 0}
  m_PrefabInternal: {fileID: 100100000}
  serializedVersion: 4
  m_Component:
  - 4: {fileID: 460146}
  m_Layer: 0
  m_Name: Bip001 L UpperArm
  m_TagString: Untagged
  m_Icon: {fileID: 0}
  m_NavMeshLayer: 0
  m_StaticEditorFlags: 0
  m_IsActive: 1
--- !u!1 &160150
GameObject:
  m_ObjectHideFlags: 1
  m_PrefabParentObject: {fileID: 0}
  m_PrefabInternal: {fileID: 100100000}
  serializedVersion: 4
  m_Component:
  - 4: {fileID: 460154}
  m_Layer: 0
  m_Name: Bip001 L Clavicle
  m_TagString: Untagged
  m_Icon: {fileID: 0}
  m_NavMeshLayer: 0
  m_StaticEditorFlags: 0
  m_IsActive: 1
--- !u!1 &160152
GameObject:
  m_ObjectHideFlags: 1
  m_PrefabParentObject: {fileID: 0}
  m_PrefabInternal: {fileID: 100100000}
  serializedVersion: 4
  m_Component:
  - 4: {fileID: 460148}
  - 33: {fileID: 3360114}
  - 23: {fileID: 2360114}
  m_Layer: 0
  m_Name: helmet
  m_TagString: Untagged
  m_Icon: {fileID: 0}
  m_NavMeshLayer: 0
  m_StaticEditorFlags: 0
  m_IsActive: 1
--- !u!1 &160154
GameObject:
  m_ObjectHideFlags: 1
  m_PrefabParentObject: {fileID: 0}
  m_PrefabInternal: {fileID: 100100000}
  serializedVersion: 4
  m_Component:
  - 4: {fileID: 460150}
  m_Layer: 0
  m_Name: Bip001 HeadNub
  m_TagString: Untagged
  m_Icon: {fileID: 0}
  m_NavMeshLayer: 0
  m_StaticEditorFlags: 0
  m_IsActive: 1
--- !u!1 &160156
GameObject:
  m_ObjectHideFlags: 1
  m_PrefabParentObject: {fileID: 0}
  m_PrefabInternal: {fileID: 100100000}
  serializedVersion: 4
  m_Component:
  - 4: {fileID: 460156}
  m_Layer: 0
  m_Name: Bip001 Head
  m_TagString: Untagged
  m_Icon: {fileID: 0}
  m_NavMeshLayer: 0
  m_StaticEditorFlags: 0
  m_IsActive: 1
--- !u!1 &160158
GameObject:
  m_ObjectHideFlags: 1
  m_PrefabParentObject: {fileID: 0}
  m_PrefabInternal: {fileID: 100100000}
  serializedVersion: 4
  m_Component:
  - 4: {fileID: 460160}
  m_Layer: 0
  m_Name: Bip001 Neck
  m_TagString: Untagged
  m_Icon: {fileID: 0}
  m_NavMeshLayer: 0
  m_StaticEditorFlags: 0
  m_IsActive: 1
--- !u!1 &160160
GameObject:
  m_ObjectHideFlags: 1
  m_PrefabParentObject: {fileID: 0}
  m_PrefabInternal: {fileID: 100100000}
  serializedVersion: 4
  m_Component:
  - 4: {fileID: 460186}
  m_Layer: 0
  m_Name: Bip001 Spine1
  m_TagString: Untagged
  m_Icon: {fileID: 0}
  m_NavMeshLayer: 0
  m_StaticEditorFlags: 0
  m_IsActive: 1
--- !u!1 &160162
GameObject:
  m_ObjectHideFlags: 1
  m_PrefabParentObject: {fileID: 0}
  m_PrefabInternal: {fileID: 100100000}
  serializedVersion: 4
  m_Component:
  - 4: {fileID: 460162}
  m_Layer: 0
  m_Name: Bip001 R Toe0Nub
  m_TagString: Untagged
  m_Icon: {fileID: 0}
  m_NavMeshLayer: 0
  m_StaticEditorFlags: 0
  m_IsActive: 1
--- !u!1 &160164
GameObject:
  m_ObjectHideFlags: 1
  m_PrefabParentObject: {fileID: 0}
  m_PrefabInternal: {fileID: 100100000}
  serializedVersion: 4
  m_Component:
  - 4: {fileID: 460164}
  m_Layer: 0
  m_Name: Bip001 R Toe02
  m_TagString: Untagged
  m_Icon: {fileID: 0}
  m_NavMeshLayer: 0
  m_StaticEditorFlags: 0
  m_IsActive: 1
--- !u!1 &160166
GameObject:
  m_ObjectHideFlags: 1
  m_PrefabParentObject: {fileID: 0}
  m_PrefabInternal: {fileID: 100100000}
  serializedVersion: 4
  m_Component:
  - 4: {fileID: 460166}
  m_Layer: 0
  m_Name: Bip001 R Toe01
  m_TagString: Untagged
  m_Icon: {fileID: 0}
  m_NavMeshLayer: 0
  m_StaticEditorFlags: 0
  m_IsActive: 1
--- !u!1 &160168
GameObject:
  m_ObjectHideFlags: 1
  m_PrefabParentObject: {fileID: 0}
  m_PrefabInternal: {fileID: 100100000}
  serializedVersion: 4
  m_Component:
  - 4: {fileID: 460168}
  m_Layer: 0
  m_Name: Bip001 R Toe0
  m_TagString: Untagged
  m_Icon: {fileID: 0}
  m_NavMeshLayer: 0
  m_StaticEditorFlags: 0
  m_IsActive: 1
--- !u!1 &160170
GameObject:
  m_ObjectHideFlags: 1
  m_PrefabParentObject: {fileID: 0}
  m_PrefabInternal: {fileID: 100100000}
  serializedVersion: 4
  m_Component:
  - 4: {fileID: 460170}
  m_Layer: 0
  m_Name: Bip001 R Foot
  m_TagString: Untagged
  m_Icon: {fileID: 0}
  m_NavMeshLayer: 0
  m_StaticEditorFlags: 0
  m_IsActive: 1
--- !u!1 &160172
GameObject:
  m_ObjectHideFlags: 1
  m_PrefabParentObject: {fileID: 0}
  m_PrefabInternal: {fileID: 100100000}
  serializedVersion: 4
  m_Component:
  - 4: {fileID: 460172}
  m_Layer: 0
  m_Name: Bip001 R Calf
  m_TagString: Untagged
  m_Icon: {fileID: 0}
  m_NavMeshLayer: 0
  m_StaticEditorFlags: 0
  m_IsActive: 1
--- !u!1 &160174
GameObject:
  m_ObjectHideFlags: 1
  m_PrefabParentObject: {fileID: 0}
  m_PrefabInternal: {fileID: 100100000}
  serializedVersion: 4
  m_Component:
  - 4: {fileID: 460188}
  m_Layer: 0
  m_Name: Bip001 R Thigh
  m_TagString: Untagged
  m_Icon: {fileID: 0}
  m_NavMeshLayer: 0
  m_StaticEditorFlags: 0
  m_IsActive: 1
--- !u!1 &160176
GameObject:
  m_ObjectHideFlags: 1
  m_PrefabParentObject: {fileID: 0}
  m_PrefabInternal: {fileID: 100100000}
  serializedVersion: 4
  m_Component:
  - 4: {fileID: 460174}
  m_Layer: 0
  m_Name: Bip001 L Toe0Nub
  m_TagString: Untagged
  m_Icon: {fileID: 0}
  m_NavMeshLayer: 0
  m_StaticEditorFlags: 0
  m_IsActive: 1
--- !u!1 &160178
GameObject:
  m_ObjectHideFlags: 1
  m_PrefabParentObject: {fileID: 0}
  m_PrefabInternal: {fileID: 100100000}
  serializedVersion: 4
  m_Component:
  - 4: {fileID: 460176}
  m_Layer: 0
  m_Name: Bip001 L Toe02
  m_TagString: Untagged
  m_Icon: {fileID: 0}
  m_NavMeshLayer: 0
  m_StaticEditorFlags: 0
  m_IsActive: 1
--- !u!1 &160180
GameObject:
  m_ObjectHideFlags: 1
  m_PrefabParentObject: {fileID: 0}
  m_PrefabInternal: {fileID: 100100000}
  serializedVersion: 4
  m_Component:
  - 4: {fileID: 460178}
  m_Layer: 0
  m_Name: Bip001 L Toe01
  m_TagString: Untagged
  m_Icon: {fileID: 0}
  m_NavMeshLayer: 0
  m_StaticEditorFlags: 0
  m_IsActive: 1
--- !u!1 &160182
GameObject:
  m_ObjectHideFlags: 1
  m_PrefabParentObject: {fileID: 0}
  m_PrefabInternal: {fileID: 100100000}
  serializedVersion: 4
  m_Component:
  - 4: {fileID: 460180}
  m_Layer: 0
  m_Name: Bip001 L Toe0
  m_TagString: Untagged
  m_Icon: {fileID: 0}
  m_NavMeshLayer: 0
  m_StaticEditorFlags: 0
  m_IsActive: 1
--- !u!1 &160184
GameObject:
  m_ObjectHideFlags: 1
  m_PrefabParentObject: {fileID: 0}
  m_PrefabInternal: {fileID: 100100000}
  serializedVersion: 4
  m_Component:
  - 4: {fileID: 460182}
  m_Layer: 0
  m_Name: Bip001 L Foot
  m_TagString: Untagged
  m_Icon: {fileID: 0}
  m_NavMeshLayer: 0
  m_StaticEditorFlags: 0
  m_IsActive: 1
--- !u!1 &160186
GameObject:
  m_ObjectHideFlags: 1
  m_PrefabParentObject: {fileID: 0}
  m_PrefabInternal: {fileID: 100100000}
  serializedVersion: 4
  m_Component:
  - 4: {fileID: 460184}
  m_Layer: 0
  m_Name: Bip001 L Calf
  m_TagString: Untagged
  m_Icon: {fileID: 0}
  m_NavMeshLayer: 0
  m_StaticEditorFlags: 0
  m_IsActive: 1
--- !u!1 &160188
GameObject:
  m_ObjectHideFlags: 1
  m_PrefabParentObject: {fileID: 0}
  m_PrefabInternal: {fileID: 100100000}
  serializedVersion: 4
  m_Component:
  - 4: {fileID: 460190}
  m_Layer: 0
  m_Name: Bip001 L Thigh
  m_TagString: Untagged
  m_Icon: {fileID: 0}
  m_NavMeshLayer: 0
  m_StaticEditorFlags: 0
  m_IsActive: 1
--- !u!1 &160190
GameObject:
  m_ObjectHideFlags: 1
  m_PrefabParentObject: {fileID: 0}
  m_PrefabInternal: {fileID: 100100000}
  serializedVersion: 4
  m_Component:
  - 4: {fileID: 460192}
  m_Layer: 0
  m_Name: Bip001 Spine
  m_TagString: Untagged
  m_Icon: {fileID: 0}
  m_NavMeshLayer: 0
  m_StaticEditorFlags: 0
  m_IsActive: 1
--- !u!1 &160192
GameObject:
  m_ObjectHideFlags: 1
  m_PrefabParentObject: {fileID: 0}
  m_PrefabInternal: {fileID: 100100000}
  serializedVersion: 4
  m_Component:
  - 4: {fileID: 460194}
  m_Layer: 0
  m_Name: Bip001 Pelvis
  m_TagString: Untagged
  m_Icon: {fileID: 0}
  m_NavMeshLayer: 0
  m_StaticEditorFlags: 0
  m_IsActive: 1
--- !u!1 &160194
GameObject:
  m_ObjectHideFlags: 1
  m_PrefabParentObject: {fileID: 0}
  m_PrefabInternal: {fileID: 100100000}
  serializedVersion: 4
  m_Component:
  - 4: {fileID: 460196}
  m_Layer: 0
  m_Name: Bip001 Footsteps
  m_TagString: Untagged
  m_Icon: {fileID: 0}
  m_NavMeshLayer: 0
  m_StaticEditorFlags: 0
  m_IsActive: 1
--- !u!1 &160196
GameObject:
  m_ObjectHideFlags: 1
  m_PrefabParentObject: {fileID: 0}
  m_PrefabInternal: {fileID: 100100000}
  serializedVersion: 4
  m_Component:
  - 4: {fileID: 460124}
  m_Layer: 0
  m_Name: Bip001 R Hand
  m_TagString: Untagged
  m_Icon: {fileID: 0}
  m_NavMeshLayer: 0
  m_StaticEditorFlags: 0
  m_IsActive: 1
--- !u!1 &160198
GameObject:
  m_ObjectHideFlags: 0
  m_PrefabParentObject: {fileID: 0}
  m_PrefabInternal: {fileID: 100100000}
  serializedVersion: 4
  m_Component:
  - 4: {fileID: 460198}
  - 137: {fileID: 13760112}
  m_Layer: 0
  m_Name: head
  m_TagString: Untagged
  m_Icon: {fileID: 0}
  m_NavMeshLayer: 0
  m_StaticEditorFlags: 0
  m_IsActive: 1
--- !u!1 &160200
GameObject:
  m_ObjectHideFlags: 0
  m_PrefabParentObject: {fileID: 0}
  m_PrefabInternal: {fileID: 100100000}
  serializedVersion: 4
  m_Component:
  - 4: {fileID: 460200}
  - 137: {fileID: 13760114}
  m_Layer: 0
  m_Name: bodySwat
  m_TagString: Untagged
  m_Icon: {fileID: 0}
  m_NavMeshLayer: 0
  m_StaticEditorFlags: 0
  m_IsActive: 1
--- !u!1 &160202
GameObject:
  m_ObjectHideFlags: 0
  m_PrefabParentObject: {fileID: 0}
  m_PrefabInternal: {fileID: 100100000}
  serializedVersion: 4
  m_Component:
  - 4: {fileID: 460202}
  m_Layer: 0
  m_Name: Bip001
  m_TagString: Untagged
  m_Icon: {fileID: 0}
  m_NavMeshLayer: 0
  m_StaticEditorFlags: 0
  m_IsActive: 1
--- !u!1 &160204
GameObject:
  m_ObjectHideFlags: 0
  m_PrefabParentObject: {fileID: 0}
  m_PrefabInternal: {fileID: 100100000}
  serializedVersion: 4
  m_Component:
  - 4: {fileID: 460204}
  - 95: {fileID: 9560112}
  - 114: {fileID: 11460114}
  - 65: {fileID: 6560112}
  - 114: {fileID: 11460112}
  m_Layer: 0
  m_Name: armyMan1
  m_TagString: Untagged
  m_Icon: {fileID: 0}
  m_NavMeshLayer: 0
  m_StaticEditorFlags: 0
  m_IsActive: 1
--- !u!4 &460112
Transform:
  m_ObjectHideFlags: 1
  m_PrefabParentObject: {fileID: 0}
  m_PrefabInternal: {fileID: 100100000}
  m_GameObject: {fileID: 160114}
  m_LocalRotation: {x: 1.49011612e-08, y: 7.45058015e-09, z: 1, w: 1.49011612e-08}
  m_LocalPosition: {x: -.0928466767, y: -3.81469718e-08, z: 0}
  m_LocalScale: {x: -1, y: -1, z: -1.00000012}
  m_Children: []
  m_Father: {fileID: 460118}
  m_RootOrder: 0
--- !u!4 &460114
Transform:
  m_ObjectHideFlags: 1
  m_PrefabParentObject: {fileID: 0}
  m_PrefabInternal: {fileID: 100100000}
  m_GameObject: {fileID: 160118}
  m_LocalRotation: {x: 1.49011612e-08, y: 7.4505806e-09, z: 1, w: -1.3038516e-08}
  m_LocalPosition: {x: -.127577588, y: -7.62939436e-08, z: 0}
  m_LocalScale: {x: -1, y: -1, z: -1}
  m_Children: []
  m_Father: {fileID: 460120}
  m_RootOrder: 0
--- !u!4 &460116
Transform:
  m_ObjectHideFlags: 1
  m_PrefabParentObject: {fileID: 0}
  m_PrefabInternal: {fileID: 100100000}
  m_GameObject: {fileID: 160122}
  m_LocalRotation: {x: 1.38777878e-16, y: 1.86264515e-08, z: 1, w: 7.4505806e-09}
  m_LocalPosition: {x: -.0760733038, y: -3.81469718e-08, z: -1.90734859e-08}
  m_LocalScale: {x: -1, y: -1, z: -1}
  m_Children: []
  m_Father: {fileID: 460122}
  m_RootOrder: 0
--- !u!4 &460118
Transform:
  m_ObjectHideFlags: 1
  m_PrefabParentObject: {fileID: 0}
  m_PrefabInternal: {fileID: 100100000}
  m_GameObject: {fileID: 160116}
  m_LocalRotation: {x: .171903834, y: -.125277042, z: -.472188771, w: .855448723}
  m_LocalPosition: {x: -.182111666, y: .00928375218, z: -.0306604765}
  m_LocalScale: {x: 1.00000012, y: 1.00000012, z: 1.00000012}
  m_Children:
  - {fileID: 460112}
  m_Father: {fileID: 460124}
  m_RootOrder: 3
--- !u!4 &460120
Transform:
  m_ObjectHideFlags: 1
  m_PrefabParentObject: {fileID: 0}
  m_PrefabInternal: {fileID: 100100000}
  m_GameObject: {fileID: 160120}
  m_LocalRotation: {x: -.101037294, y: -.0751437545, z: -.284905136, w: .950249434}
  m_LocalPosition: {x: -.193061069, y: -.00797561649, z: .0423240662}
  m_LocalScale: {x: 1.00000012, y: 1.00000012, z: 1.00000012}
  m_Children:
  - {fileID: 460114}
  m_Father: {fileID: 460124}
  m_RootOrder: 2
--- !u!4 &460122
Transform:
  m_ObjectHideFlags: 1
  m_PrefabParentObject: {fileID: 0}
  m_PrefabInternal: {fileID: 100100000}
  m_GameObject: {fileID: 160124}
  m_LocalRotation: {x: -.137315571, y: .0650526509, z: -.338145643, w: .928746581}
  m_LocalPosition: {x: -.0679622665, y: .0393165573, z: .0758991241}
  m_LocalScale: {x: 1.00000024, y: 1.00000012, z: 1.00000012}
  m_Children:
  - {fileID: 460116}
  m_Father: {fileID: 460124}
  m_RootOrder: 1
--- !u!4 &460124
Transform:
  m_ObjectHideFlags: 1
  m_PrefabParentObject: {fileID: 0}
  m_PrefabInternal: {fileID: 100100000}
  m_GameObject: {fileID: 160196}
  m_LocalRotation: {x: .706825256, y: 0, z: -0, w: .707388282}
  m_LocalPosition: {x: -.44416222, y: -3.81469718e-08, z: 0}
  m_LocalScale: {x: 1.00000012, y: 1.00000012, z: 1.00000012}
  m_Children:
  - {fileID: 460158}
  - {fileID: 460122}
  - {fileID: 460120}
  - {fileID: 460118}
  m_Father: {fileID: 460126}
  m_RootOrder: 0
--- !u!4 &460126
Transform:
  m_ObjectHideFlags: 1
  m_PrefabParentObject: {fileID: 0}
  m_PrefabInternal: {fileID: 100100000}
  m_GameObject: {fileID: 160126}
  m_LocalRotation: {x: -3.30670002e-09, y: -2.08123776e-08, z: .587393045, w: .809301853}
  m_LocalPosition: {x: -.487374485, y: -7.62939436e-08, z: 0}
  m_LocalScale: {x: .999999881, y: .999999821, z: 1}
  m_Children:
  - {fileID: 460124}
  m_Father: {fileID: 460128}
  m_RootOrder: 0
--- !u!4 &460128
Transform:
  m_ObjectHideFlags: 1
  m_PrefabParentObject: {fileID: 0}
  m_PrefabInternal: {fileID: 100100000}
  m_GameObject: {fileID: 160128}
  m_LocalRotation: {x: -.165072292, y: .515752614, z: -.223174274, w: .810520589}
  m_LocalPosition: {x: -.082423076, y: 0, z: 0}
  m_LocalScale: {x: 1.00000012, y: 1, z: 1}
  m_Children:
  - {fileID: 460126}
  m_Father: {fileID: 460152}
  m_RootOrder: 0
--- !u!4 &460130
Transform:
  m_ObjectHideFlags: 1
  m_PrefabParentObject: {fileID: 0}
  m_PrefabInternal: {fileID: 100100000}
  m_GameObject: {fileID: 160132}
  m_LocalRotation: {x: 7.45057882e-09, y: -1.49011594e-08, z: 1.11022263e-16, w: 1}
  m_LocalPosition: {x: -.0928466767, y: 0, z: 0}
  m_LocalScale: {x: 1.00000012, y: 1.00000024, z: 1.00000012}
  m_Children: []
  m_Father: {fileID: 460136}
  m_RootOrder: 0
--- !u!4 &460132
Transform:
  m_ObjectHideFlags: 1
  m_PrefabParentObject: {fileID: 0}
  m_PrefabInternal: {fileID: 100100000}
  m_GameObject: {fileID: 160136}
  m_LocalRotation: {x: 7.45057971e-09, y: -1.49011594e-08, z: 2.7939675e-09, w: 1}
  m_LocalPosition: {x: -.127577662, y: -7.62939436e-08, z: 1.90734859e-08}
  m_LocalScale: {x: 1.00000012, y: 1.00000012, z: 1.00000012}
  m_Children: []
  m_Father: {fileID: 460138}
  m_RootOrder: 0
--- !u!4 &460134
Transform:
  m_ObjectHideFlags: 1
  m_PrefabParentObject: {fileID: 0}
  m_PrefabInternal: {fileID: 100100000}
  m_GameObject: {fileID: 160140}
  m_LocalRotation: {x: 1.76951289e-08, y: -1.49011612e-08, z: 3.72529074e-09, w: 1}
  m_LocalPosition: {x: -.0760732219, y: 0, z: -1.90734859e-08}
  m_LocalScale: {x: 1, y: 1, z: 1}
  m_Children: []
  m_Father: {fileID: 460140}
  m_RootOrder: 0
--- !u!4 &460136
Transform:
  m_ObjectHideFlags: 1
  m_PrefabParentObject: {fileID: 0}
  m_PrefabInternal: {fileID: 100100000}
  m_GameObject: {fileID: 160134}
  m_LocalRotation: {x: -.171903834, y: .125277072, z: -.472188801, w: .855448723}
  m_LocalPosition: {x: -.182111621, y: .00928375218, z: .0306605529}
  m_LocalScale: {x: 1.00000012, y: 1, z: 1.00000012}
  m_Children:
  - {fileID: 460130}
  m_Father: {fileID: 460142}
  m_RootOrder: 2
--- !u!4 &460138
Transform:
  m_ObjectHideFlags: 1
  m_PrefabParentObject: {fileID: 0}
  m_PrefabInternal: {fileID: 100100000}
  m_GameObject: {fileID: 160138}
  m_LocalRotation: {x: .101037286, y: .0751437768, z: -.284905195, w: .950249434}
  m_LocalPosition: {x: -.193061024, y: -.00797569286, z: -.0423240662}
  m_LocalScale: {x: 1, y: 1, z: 1}
  m_Children:
  - {fileID: 460132}
  m_Father: {fileID: 460142}
  m_RootOrder: 1
--- !u!4 &460140
Transform:
  m_ObjectHideFlags: 1
  m_PrefabParentObject: {fileID: 0}
  m_PrefabInternal: {fileID: 100100000}
  m_GameObject: {fileID: 160142}
  m_LocalRotation: {x: .137315586, y: -.0650526285, z: -.338145643, w: .928746521}
  m_LocalPosition: {x: -.0679621845, y: .0393165573, z: -.0758990869}
  m_LocalScale: {x: 1.00000012, y: 1, z: 1}
  m_Children:
  - {fileID: 460134}
  m_Father: {fileID: 460142}
  m_RootOrder: 0
--- !u!4 &460142
Transform:
  m_ObjectHideFlags: 1
  m_PrefabParentObject: {fileID: 0}
  m_PrefabInternal: {fileID: 100100000}
  m_GameObject: {fileID: 160144}
  m_LocalRotation: {x: -.706825197, y: -1.05241256e-08, z: 3.16143307e-08, w: .707388282}
  m_LocalPosition: {x: -.44416216, y: -3.81469718e-08, z: 7.62939436e-08}
  m_LocalScale: {x: 1, y: 1, z: 1}
  m_Children:
  - {fileID: 460140}
  - {fileID: 460138}
  - {fileID: 460136}
  m_Father: {fileID: 460144}
  m_RootOrder: 0
--- !u!4 &460144
Transform:
  m_ObjectHideFlags: 1
  m_PrefabParentObject: {fileID: 0}
  m_PrefabInternal: {fileID: 100100000}
  m_GameObject: {fileID: 160146}
  m_LocalRotation: {x: 1.75056787e-08, y: -2.41190783e-08, z: .587392986, w: .809301853}
  m_LocalPosition: {x: -.487374514, y: -7.62939436e-08, z: 0}
  m_LocalScale: {x: .999999821, y: .999999821, z: 1}
  m_Children:
  - {fileID: 460142}
  m_Father: {fileID: 460146}
  m_RootOrder: 0
--- !u!4 &460146
Transform:
  m_ObjectHideFlags: 1
  m_PrefabParentObject: {fileID: 0}
  m_PrefabInternal: {fileID: 100100000}
  m_GameObject: {fileID: 160148}
  m_LocalRotation: {x: .165072292, y: -.515752614, z: -.223174274, w: .810520589}
  m_LocalPosition: {x: -.082423076, y: 0, z: 0}
  m_LocalScale: {x: 1.00000012, y: 1, z: 1}
  m_Children:
  - {fileID: 460144}
  m_Father: {fileID: 460154}
  m_RootOrder: 0
--- !u!4 &460148
Transform:
  m_ObjectHideFlags: 1
  m_PrefabParentObject: {fileID: 0}
  m_PrefabInternal: {fileID: 100100000}
  m_GameObject: {fileID: 160152}
  m_LocalRotation: {x: .0251187067, y: 6.37476944e-07, z: 7.31500052e-07, w: -.999684513}
  m_LocalPosition: {x: -.00308804773, y: .02468629, z: -2.63407965e-05}
  m_LocalScale: {x: 1, y: 1, z: 1}
  m_Children: []
  m_Father: {fileID: 460156}
  m_RootOrder: 1
--- !u!4 &460150
Transform:
  m_ObjectHideFlags: 1
  m_PrefabParentObject: {fileID: 0}
  m_PrefabInternal: {fileID: 100100000}
  m_GameObject: {fileID: 160154}
  m_LocalRotation: {x: 4.6307099e-20, y: 0, z: -0, w: 1}
  m_LocalPosition: {x: -.495388329, y: 0, z: -9.09494681e-15}
  m_LocalScale: {x: 1, y: 1, z: 1}
  m_Children: []
  m_Father: {fileID: 460156}
  m_RootOrder: 0
--- !u!4 &460152
Transform:
  m_ObjectHideFlags: 1
  m_PrefabParentObject: {fileID: 0}
  m_PrefabInternal: {fileID: 100100000}
  m_GameObject: {fileID: 160130}
  m_LocalRotation: {x: .699227035, y: .105269171, z: .699227035, w: -.105269171}
  m_LocalPosition: {x: .165718839, y: .0659418851, z: -.229264572}
  m_LocalScale: {x: 1, y: 1, z: 1}
  m_Children:
  - {fileID: 460128}
  m_Father: {fileID: 460160}
  m_RootOrder: 2
--- !u!4 &460154
Transform:
  m_ObjectHideFlags: 1
  m_PrefabParentObject: {fileID: 0}
  m_PrefabInternal: {fileID: 100100000}
  m_GameObject: {fileID: 160150}
  m_LocalRotation: {x: .699227035, y: .105269171, z: -.699227035, w: .105269171}
  m_LocalPosition: {x: .165718839, y: .065940626, z: .229264885}
  m_LocalScale: {x: 1, y: 1, z: 1}
  m_Children:
  - {fileID: 460146}
  m_Father: {fileID: 460160}
  m_RootOrder: 1
--- !u!4 &460156
Transform:
  m_ObjectHideFlags: 1
  m_PrefabParentObject: {fileID: 0}
  m_PrefabInternal: {fileID: 100100000}
  m_GameObject: {fileID: 160156}
  m_LocalRotation: {x: -3.31595753e-13, y: -4.12914432e-07, z: .148873761, w: .988856256}
  m_LocalPosition: {x: -.116944574, y: .0278081503, z: 1.76951287e-10}
  m_LocalScale: {x: 1, y: 1, z: 1}
  m_Children:
  - {fileID: 460150}
  - {fileID: 460148}
  m_Father: {fileID: 460160}
  m_RootOrder: 0
--- !u!4 &460158
Transform:
  m_ObjectHideFlags: 1
  m_PrefabParentObject: {fileID: 0}
  m_PrefabInternal: {fileID: 100100000}
  m_GameObject: {fileID: 160112}
  m_LocalRotation: {x: .797035754, y: -.102672271, z: -.11051283, w: .584789991}
  m_LocalPosition: {x: -.276307613, y: .0836740136, z: .183687434}
  m_LocalScale: {x: .7311818, y: .73118186, z: 1.41887963}
  m_Children: []
  m_Father: {fileID: 460124}
  m_RootOrder: 0
--- !u!4 &460160
Transform:
  m_ObjectHideFlags: 1
  m_PrefabParentObject: {fileID: 0}
  m_PrefabInternal: {fileID: 100100000}
  m_GameObject: {fileID: 160158}
  m_LocalRotation: {x: -1.31702411e-15, y: 4.11822384e-07, z: -.148479328, w: .988915503}
  m_LocalPosition: {x: -.676188588, y: -.0142195122, z: -4.2462216e-09}
  m_LocalScale: {x: 1, y: 1, z: 1}
  m_Children:
  - {fileID: 460156}
  - {fileID: 460154}
  - {fileID: 460152}
  m_Father: {fileID: 460186}
  m_RootOrder: 0
--- !u!4 &460162
Transform:
  m_ObjectHideFlags: 1
  m_PrefabParentObject: {fileID: 0}
  m_PrefabInternal: {fileID: 100100000}
  m_GameObject: {fileID: 160162}
  m_LocalRotation: {x: -3.14674233e-30, y: -1.77145845e-15, z: -1.77635684e-15, w: 1}
  m_LocalPosition: {x: -.00951036438, y: -1.49011609e-10, z: 0}
  m_LocalScale: {x: 1, y: 1, z: 1}
  m_Children: []
  m_Father: {fileID: 460164}
  m_RootOrder: 0
--- !u!4 &460164
Transform:
  m_ObjectHideFlags: 1
  m_PrefabParentObject: {fileID: 0}
  m_PrefabInternal: {fileID: 100100000}
  m_GameObject: {fileID: 160164}
  m_LocalRotation: {x: -3.14674233e-30, y: -1.77145845e-15, z: -1.77635684e-15, w: 1}
  m_LocalPosition: {x: -.00951034483, y: 1.49011609e-10, z: -1.90734859e-08}
  m_LocalScale: {x: 1, y: 1, z: 1}
  m_Children:
  - {fileID: 460162}
  m_Father: {fileID: 460166}
  m_RootOrder: 0
--- !u!4 &460166
Transform:
  m_ObjectHideFlags: 1
  m_PrefabParentObject: {fileID: 0}
  m_PrefabInternal: {fileID: 100100000}
  m_GameObject: {fileID: 160166}
  m_LocalRotation: {x: -3.14674233e-30, y: -1.77145845e-15, z: -1.77635684e-15, w: 1}
  m_LocalPosition: {x: -.00951036438, y: 0, z: 1.90734859e-08}
  m_LocalScale: {x: 1, y: 1, z: 1}
  m_Children:
  - {fileID: 460164}
  m_Father: {fileID: 460168}
  m_RootOrder: 0
--- !u!4 &460168
Transform:
  m_ObjectHideFlags: 1
  m_PrefabParentObject: {fileID: 0}
  m_PrefabInternal: {fileID: 100100000}
  m_GameObject: {fileID: 160168}
  m_LocalRotation: {x: -1.54543152e-08, y: 1.54543134e-08, z: -.707106829, w: .707106829}
  m_LocalPosition: {x: -.0730414167, y: .172470286, z: 0}
  m_LocalScale: {x: 1, y: 1, z: 1}
  m_Children:
  - {fileID: 460166}
  m_Father: {fileID: 460170}
  m_RootOrder: 0
--- !u!4 &460170
Transform:
  m_ObjectHideFlags: 1
  m_PrefabParentObject: {fileID: 0}
  m_PrefabInternal: {fileID: 100100000}
  m_GameObject: {fileID: 160170}
  m_LocalRotation: {x: .134695709, y: -.00729161501, z: -.0535605997, w: .989411533}
  m_LocalPosition: {x: -.300072908, y: 0, z: -1.90734859e-08}
  m_LocalScale: {x: 1, y: 1, z: 1}
  m_Children:
  - {fileID: 460168}
  m_Father: {fileID: 460172}
  m_RootOrder: 0
--- !u!4 &460172
Transform:
  m_ObjectHideFlags: 1
  m_PrefabParentObject: {fileID: 0}
  m_PrefabInternal: {fileID: 100100000}
  m_GameObject: {fileID: 160172}
  m_LocalRotation: {x: 3.565153e-13, y: -3.39521171e-15, z: .100140743, w: .994973302}
  m_LocalPosition: {x: -.350749761, y: 0, z: 1.90734859e-08}
  m_LocalScale: {x: .99999994, y: .99999994, z: 1}
  m_Children:
  - {fileID: 460170}
  m_Father: {fileID: 460188}
  m_RootOrder: 0
--- !u!4 &460174
Transform:
  m_ObjectHideFlags: 1
  m_PrefabParentObject: {fileID: 0}
  m_PrefabInternal: {fileID: 100100000}
  m_GameObject: {fileID: 160176}
  m_LocalRotation: {x: -1.35909596e-14, y: 7.32593899e-29, z: 1, w: 5.39030295e-15}
  m_LocalPosition: {x: -.00951036438, y: 0, z: 1.90734859e-08}
  m_LocalScale: {x: -1, y: -1, z: -1}
  m_Children: []
  m_Father: {fileID: 460176}
  m_RootOrder: 0
--- !u!4 &460176
Transform:
  m_ObjectHideFlags: 1
  m_PrefabParentObject: {fileID: 0}
  m_PrefabInternal: {fileID: 100100000}
  m_GameObject: {fileID: 160178}
  m_LocalRotation: {x: -7.24271835e-29, y: -1.35909596e-14, z: -5.32907052e-15, w: 1}
  m_LocalPosition: {x: -.00951038301, y: 1.49011609e-10, z: 0}
  m_LocalScale: {x: 1, y: 1, z: 1}
  m_Children:
  - {fileID: 460174}
  m_Father: {fileID: 460178}
  m_RootOrder: 0
--- !u!4 &460178
Transform:
  m_ObjectHideFlags: 1
  m_PrefabParentObject: {fileID: 0}
  m_PrefabInternal: {fileID: 100100000}
  m_GameObject: {fileID: 160180}
  m_LocalRotation: {x: -7.24271835e-29, y: -1.35909596e-14, z: -5.32907052e-15, w: 1}
  m_LocalPosition: {x: -.00951034483, y: -1.49011609e-10, z: 1.90734859e-08}
  m_LocalScale: {x: 1, y: 1, z: 1}
  m_Children:
  - {fileID: 460176}
  m_Father: {fileID: 460180}
  m_RootOrder: 0
--- !u!4 &460180
Transform:
  m_ObjectHideFlags: 1
  m_PrefabParentObject: {fileID: 0}
  m_PrefabInternal: {fileID: 100100000}
  m_GameObject: {fileID: 160182}
  m_LocalRotation: {x: -7.02299019e-08, y: 4.49551692e-07, z: -.707107067, w: .70710659}
  m_LocalPosition: {x: -.0730414242, y: .172470286, z: 0}
  m_LocalScale: {x: 1, y: 1, z: 1}
  m_Children:
  - {fileID: 460178}
  m_Father: {fileID: 460182}
  m_RootOrder: 0
--- !u!4 &460182
Transform:
  m_ObjectHideFlags: 1
  m_PrefabParentObject: {fileID: 0}
  m_PrefabInternal: {fileID: 100100000}
  m_GameObject: {fileID: 160184}
  m_LocalRotation: {x: -.134696186, y: .00729047693, z: -.0535575673, w: .989411652}
  m_LocalPosition: {x: -.30007273, y: 0, z: 0}
  m_LocalScale: {x: 1, y: 1, z: 1}
  m_Children:
  - {fileID: 460180}
  m_Father: {fileID: 460184}
  m_RootOrder: 0
--- !u!4 &460184
Transform:
  m_ObjectHideFlags: 1
  m_PrefabParentObject: {fileID: 0}
  m_PrefabInternal: {fileID: 100100000}
  m_GameObject: {fileID: 160186}
  m_LocalRotation: {x: 7.31530518e-14, y: 3.59282645e-14, z: .100145295, w: .994972825}
  m_LocalPosition: {x: -.350749642, y: -2.38418574e-09, z: 0}
  m_LocalScale: {x: .999999881, y: 1, z: 1}
  m_Children:
  - {fileID: 460182}
  m_Father: {fileID: 460190}
  m_RootOrder: 0
--- !u!4 &460186
Transform:
  m_ObjectHideFlags: 1
  m_PrefabParentObject: {fileID: 0}
  m_PrefabInternal: {fileID: 100100000}
  m_GameObject: {fileID: 160160}
  m_LocalRotation: {x: -3.01695518e-14, y: 1.11022302e-16, z: 3.3494931e-30, w: 1}
  m_LocalPosition: {x: -.312357396, y: -.000545196526, z: -1.51216228e-09}
  m_LocalScale: {x: 1, y: 1, z: 1}
  m_Children:
  - {fileID: 460160}
  m_Father: {fileID: 460192}
  m_RootOrder: 2
--- !u!4 &460188
Transform:
  m_ObjectHideFlags: 1
  m_PrefabParentObject: {fileID: 0}
  m_PrefabInternal: {fileID: 100100000}
  m_GameObject: {fileID: 160174}
  m_LocalRotation: {x: -.0466091111, y: .998913229, z: 1.38712574e-06, w: 2.46742822e-08}
  m_LocalPosition: {x: .0965774506, y: .000326175679, z: -.198925734}
  m_LocalScale: {x: 1.00000012, y: 1.00000012, z: 1}
  m_Children:
  - {fileID: 460172}
  m_Father: {fileID: 460192}
  m_RootOrder: 1
--- !u!4 &460190
Transform:
  m_ObjectHideFlags: 1
  m_PrefabParentObject: {fileID: 0}
  m_PrefabInternal: {fileID: 100100000}
  m_GameObject: {fileID: 160188}
  m_LocalRotation: {x: -.0466163531, y: .998912871, z: 1.39391102e-06, w: -1.23242231e-07}
  m_LocalPosition: {x: .0965774506, y: .000325074187, z: .198925778}
  m_LocalScale: {x: 1.00000012, y: 1, z: 1}
  m_Children:
  - {fileID: 460184}
  m_Father: {fileID: 460192}
  m_RootOrder: 0
--- !u!4 &460192
Transform:
  m_ObjectHideFlags: 1
  m_PrefabParentObject: {fileID: 0}
  m_PrefabInternal: {fileID: 100100000}
  m_GameObject: {fileID: 160190}
  m_LocalRotation: {x: -2.08047595e-06, y: 6.93675986e-07, z: -.000398159027, w: .99999994}
  m_LocalPosition: {x: -.0965776816, y: -.000248687254, z: 1.34278665e-07}
  m_LocalScale: {x: 1, y: 1, z: 1}
  m_Children:
  - {fileID: 460190}
  - {fileID: 460188}
  - {fileID: 460186}
  m_Father: {fileID: 460194}
  m_RootOrder: 0
--- !u!4 &460194
Transform:
  m_ObjectHideFlags: 1
  m_PrefabParentObject: {fileID: 0}
  m_PrefabInternal: {fileID: 100100000}
  m_GameObject: {fileID: 160192}
  m_LocalRotation: {x: -.499999642, y: .500000358, z: .499999642, w: .500000358}
  m_LocalPosition: {x: -0, y: 0, z: 0}
  m_LocalScale: {x: 1, y: 1, z: 1}
  m_Children:
  - {fileID: 460192}
  m_Father: {fileID: 460202}
  m_RootOrder: 1
--- !u!4 &460196
Transform:
  m_ObjectHideFlags: 1
  m_PrefabParentObject: {fileID: 0}
  m_PrefabInternal: {fileID: 100100000}
  m_GameObject: {fileID: 160194}
  m_LocalRotation: {x: 0, y: 0, z: -.707105279, w: .707108378}
  m_LocalPosition: {x: -0, y: 0, z: -.720612466}
  m_LocalScale: {x: 1, y: 1, z: 1}
  m_Children: []
  m_Father: {fileID: 460202}
  m_RootOrder: 0
--- !u!4 &460198
Transform:
  m_ObjectHideFlags: 1
  m_PrefabParentObject: {fileID: 0}
  m_PrefabInternal: {fileID: 100100000}
  m_GameObject: {fileID: 160198}
  m_LocalRotation: {x: -.707106829, y: 0, z: -0, w: .707106829}
  m_LocalPosition: {x: 0, y: 0, z: 0}
  m_LocalScale: {x: 1, y: 1, z: 1}
  m_Children: []
  m_Father: {fileID: 460204}
  m_RootOrder: 2
--- !u!4 &460200
Transform:
  m_ObjectHideFlags: 1
  m_PrefabParentObject: {fileID: 0}
  m_PrefabInternal: {fileID: 100100000}
  m_GameObject: {fileID: 160200}
  m_LocalRotation: {x: -.707106829, y: 0, z: -0, w: .707106829}
  m_LocalPosition: {x: 0, y: 0, z: 0}
  m_LocalScale: {x: 1, y: 1, z: 1}
  m_Children: []
  m_Father: {fileID: 460204}
  m_RootOrder: 1
--- !u!4 &460202
Transform:
  m_ObjectHideFlags: 1
  m_PrefabParentObject: {fileID: 0}
  m_PrefabInternal: {fileID: 100100000}
  m_GameObject: {fileID: 160202}
  m_LocalRotation: {x: -.5, y: .5, z: .5, w: .5}
  m_LocalPosition: {x: 4.13710954e-10, y: .722973943, z: -.0303666368}
  m_LocalScale: {x: 1, y: 1, z: 1}
  m_Children:
  - {fileID: 460196}
  - {fileID: 460194}
  m_Father: {fileID: 460204}
  m_RootOrder: 0
--- !u!4 &460204
Transform:
  m_ObjectHideFlags: 1
  m_PrefabParentObject: {fileID: 0}
  m_PrefabInternal: {fileID: 100100000}
  m_GameObject: {fileID: 160204}
  m_LocalRotation: {x: 0, y: 0, z: 0, w: 1}
  m_LocalPosition: {x: -4.59929037, y: 9.99999997e-07, z: -3.63844466}
  m_LocalScale: {x: 1, y: 1, z: 1}
  m_Children:
  - {fileID: 460202}
  - {fileID: 460200}
  - {fileID: 460198}
  m_Father: {fileID: 0}
  m_RootOrder: 0
--- !u!23 &2360112
Renderer:
  m_ObjectHideFlags: 1
  m_PrefabParentObject: {fileID: 0}
  m_PrefabInternal: {fileID: 100100000}
  m_GameObject: {fileID: 160112}
  m_Enabled: 1
  m_CastShadows: 1
  m_ReceiveShadows: 1
  m_LightmapIndex: 255
  m_LightmapTilingOffset: {x: 1, y: 1, z: 0, w: 0}
  m_Materials:
  - {fileID: 2100000, guid: 7bb77de283c67fb4e9d4f685d4376d44, type: 2}
  m_SubsetIndices: 
  m_StaticBatchRoot: {fileID: 0}
  m_UseLightProbes: 0
  m_LightProbeAnchor: {fileID: 0}
  m_ScaleInLightmap: 1
  m_SortingLayerID: 0
  m_SortingOrder: 0
--- !u!23 &2360114
Renderer:
  m_ObjectHideFlags: 1
  m_PrefabParentObject: {fileID: 0}
  m_PrefabInternal: {fileID: 100100000}
  m_GameObject: {fileID: 160152}
  m_Enabled: 1
  m_CastShadows: 1
  m_ReceiveShadows: 1
  m_LightmapIndex: 255
  m_LightmapTilingOffset: {x: 1, y: 1, z: 0, w: 0}
  m_Materials:
  - {fileID: 2100000, guid: 96a23ec5ff1000f42ba78dcd4473d6c7, type: 2}
  m_SubsetIndices: 
  m_StaticBatchRoot: {fileID: 0}
  m_UseLightProbes: 0
  m_LightProbeAnchor: {fileID: 0}
  m_ScaleInLightmap: 1
  m_SortingLayerID: 0
  m_SortingOrder: 0
--- !u!33 &3360112
MeshFilter:
  m_ObjectHideFlags: 1
  m_PrefabParentObject: {fileID: 0}
  m_PrefabInternal: {fileID: 100100000}
  m_GameObject: {fileID: 160112}
  m_Mesh: {fileID: 4300000, guid: c0dad471cc244504496f84968809ae23, type: 3}
--- !u!33 &3360114
MeshFilter:
  m_ObjectHideFlags: 1
  m_PrefabParentObject: {fileID: 0}
  m_PrefabInternal: {fileID: 100100000}
  m_GameObject: {fileID: 160152}
  m_Mesh: {fileID: 4300004, guid: 9c62cbdc32c760e47aae44018daac94d, type: 3}
--- !u!65 &6560112
BoxCollider:
  m_ObjectHideFlags: 1
  m_PrefabParentObject: {fileID: 0}
  m_PrefabInternal: {fileID: 100100000}
  m_GameObject: {fileID: 160204}
  m_Material: {fileID: 0}
  m_IsTrigger: 0
  m_Enabled: 1
  serializedVersion: 2
  m_Size: {x: 1, y: 1, z: 1}
  m_Center: {x: 0, y: 0, z: 0}
--- !u!95 &9560112
Animator:
  serializedVersion: 3
  m_ObjectHideFlags: 1
  m_PrefabParentObject: {fileID: 0}
  m_PrefabInternal: {fileID: 100100000}
  m_GameObject: {fileID: 160204}
  m_Enabled: 1
  m_Avatar: {fileID: 9000000, guid: 9c62cbdc32c760e47aae44018daac94d, type: 3}
  m_Controller: {fileID: 9100000, guid: d23b022b1569726458fffc25ed417b1b, type: 2}
  m_CullingMode: 1
  m_UpdateMode: 0
  m_ApplyRootMotion: 0
  m_HasTransformHierarchy: 1
  m_AllowConstantClipSamplingOptimization: 1
--- !u!114 &11460112
MonoBehaviour:
  m_ObjectHideFlags: 1
  m_PrefabParentObject: {fileID: 0}
  m_PrefabInternal: {fileID: 100100000}
  m_GameObject: {fileID: 160204}
  m_Enabled: 1
  m_EditorHideFlags: 0
  m_Script: {fileID: 11500000, guid: c96b29b6ddc67d04fbb0e216ff12d3d3, type: 3}
  m_Name: 
  m_EditorClassIdentifier: 
  type: 1
  aniRootObj: {fileID: 160204}
  clipSpawn: {fileID: 0}
  clipMove: {fileID: 0}
  clipHit: {fileID: 0}
  clipDead: {fileID: 0}
  clipDestination0: {fileID: 0}
  clipDestination1: {fileID: 0}
  clipDestination2: {fileID: 0}
  anim: {fileID: 9560112}
  aniInstance: {fileID: 0}
  moveSpeedMultiplier: 1
--- !u!114 &11460114
MonoBehaviour:
  m_ObjectHideFlags: 1
  m_PrefabParentObject: {fileID: 0}
  m_PrefabInternal: {fileID: 100100000}
  m_GameObject: {fileID: 160204}
  m_Enabled: 1
  m_EditorHideFlags: 0
  m_Script: {fileID: 11500000, guid: 2158a3778d5c7c94897375c17e040e0a, type: 3}
  m_Name: 
  m_EditorClassIdentifier: 
  prefabID: 6
  instanceID: -1
  unitName: unit
  iconSprite: {fileID: 0}
  desp: 
  subClass: 0
  unitC: {fileID: 0}
  unitT: {fileID: 0}
  defaultHP: 10
  fullHP: 10
  HP: 10
  HPRegenRate: 0
  HPStaggerDuration: 10
  defaultShield: 0
  fullShield: 0
  shield: 0
  shieldRegenRate: 1
  shieldStaggerDuration: 1
  damageType: 0
  armorType: 0
  immuneToCrit: 0
  immuneToSlow: 0
  immuneToStun: 0
  currentActiveStat: 0
  stats:
  - damageMin: 5
    damageMax: 6
    cooldown: 1
    clipSize: -1
    reloadDuration: 2
    range: 10
    aoeRadius: 0
    hit: 0
    dodge: 0
    shieldBreak: 0
    shieldPierce: 0
    damageShieldOnly: 0
    crit:
      chance: 0
      dmgMultiplier: 0
    stun:
      chance: 0
      duration: 0
    slow:
      effectID: 0
      duration: 0
      slowMultiplier: 0
    dot:
      effectID: 0
      duration: 0
      interval: 0
      value: 0
    instantKill:
      chance: 0
      HPThreshold: 0
    buff:
      effectID: 0
      damageBuff: 0
      cooldownBuff: 0
      rangeBuff: 0
      criticalBuff: 0
      hitBuff: 0
      dodgeBuff: 0
      regenHP: 0
    rscGain: 
    cost: 
    buildDuration: 1
    unBuildDuration: 1
    shootObjectT: {fileID: 0}
    shootObject: {fileID: 0}
    useCustomDesp: 0
    desp: 
  dead: 0
  stunned: 0
  slowMultiplier: 1
  slowEffectList: []
  buffEffect: []
  localShootObjectT: {fileID: 0}
  localShootObject: {fileID: 0}
  shootPoints: []
  delayBetweenShootPoint: 0
  targetPoint: {fileID: 0}
  hitThreshold: .25
  thisObj: {fileID: 0}
  thisT: {fileID: 0}
  turretObject: {fileID: 0}
  barrelObject: {fileID: 0}
  rotateTurretAimInXAxis: 1
  target: {fileID: 0}
  targetPriority: 4
  directionalTargeting: 0
  dirScanAngle: 0
  dirScanFOV: 30
  scanDirT: {fileID: 0}
  buffedUnit: []
  activeBuffList: []
  damageBuffMul: 0
  cooldownBuffMul: 0
  rangeBuffMul: 0
  criticalBuffMod: .100000001
  hitBuffMod: .100000001
  dodgeBuffMod: .100000001
  regenHPBuff: 1
  deadEffectObj: {fileID: 0}
  type: 0
  flying: 0
  spawnUponDestroyed: {fileID: 0}
  spawnUponDestroyedCount: 0
  spawnUnitHPMultiplier: .5
  waveID: 0
  lifeCost: 1
  scoreValue: 1
  lifeValue: 0
  valueRscMin: 0000000000000000
  valueRscMax: 0000000000000000
  valueEnergyGain: 0
  stopToAttack: 0
  rotateSpd: 10
  moveSpeed: 3
  path: {fileID: 0}
  subPath: []
  waypointID: 1
  subWaypointID: 0
  distFromDestination: 0
--- !u!137 &13760112
SkinnedMeshRenderer:
  m_ObjectHideFlags: 1
  m_PrefabParentObject: {fileID: 0}
  m_PrefabInternal: {fileID: 100100000}
  m_GameObject: {fileID: 160198}
  m_Enabled: 1
  m_CastShadows: 1
  m_ReceiveShadows: 1
  m_LightmapIndex: 255
  m_LightmapTilingOffset: {x: 1, y: 1, z: 0, w: 0}
  m_Materials:
  - {fileID: 2100000, guid: de7d00b1fcefce648ae932d1af08ea26, type: 2}
  m_SubsetIndices: 
  m_StaticBatchRoot: {fileID: 0}
  m_UseLightProbes: 0
  m_LightProbeAnchor: {fileID: 0}
  m_ScaleInLightmap: 1
  m_SortingLayerID: 0
  m_SortingOrder: 0
  serializedVersion: 2
  m_Quality: 0
  m_UpdateWhenOffscreen: 0
  m_Mesh: {fileID: 4300000, guid: 9c62cbdc32c760e47aae44018daac94d, type: 3}
  m_Bones:
  - {fileID: 460186}
  - {fileID: 460160}
  - {fileID: 460156}
  m_BlendShapeWeights: []
  m_RootBone: {fileID: 460186}
  m_AABB:
    m_Center: {x: -1.01377428, y: .0885912478, z: -1.1920929e-07}
    m_Extent: {x: .306530356, y: .264025301, z: .201212004}
  m_DirtyAABB: 0
--- !u!137 &13760114
SkinnedMeshRenderer:
  m_ObjectHideFlags: 1
  m_PrefabParentObject: {fileID: 0}
  m_PrefabInternal: {fileID: 100100000}
  m_GameObject: {fileID: 160200}
  m_Enabled: 1
  m_CastShadows: 1
  m_ReceiveShadows: 1
  m_LightmapIndex: 255
  m_LightmapTilingOffset: {x: 1, y: 1, z: 0, w: 0}
  m_Materials:
  - {fileID: 2100000, guid: eb6a1e37b4c39e041bfed56975d06ff1, type: 2}
  m_SubsetIndices: 
  m_StaticBatchRoot: {fileID: 0}
  m_UseLightProbes: 0
  m_LightProbeAnchor: {fileID: 0}
  m_ScaleInLightmap: 1
  m_SortingLayerID: 0
  m_SortingOrder: 0
  serializedVersion: 2
  m_Quality: 0
  m_UpdateWhenOffscreen: 0
  m_Mesh: {fileID: 4300002, guid: 9c62cbdc32c760e47aae44018daac94d, type: 3}
  m_Bones:
  - {fileID: 460186}
  - {fileID: 460192}
  - {fileID: 460190}
  - {fileID: 460194}
  - {fileID: 460202}
  - {fileID: 460146}
  - {fileID: 460144}
  - {fileID: 460156}
  - {fileID: 460160}
  - {fileID: 460182}
  - {fileID: 460184}
  - {fileID: 460140}
  - {fileID: 460142}
  - {fileID: 460136}
  - {fileID: 460178}
  - {fileID: 460180}
  - {fileID: 460138}
  - {fileID: 460128}
  - {fileID: 460188}
  - {fileID: 460126}
  - {fileID: 460170}
  - {fileID: 460172}
  - {fileID: 460122}
  - {fileID: 460124}
  - {fileID: 460118}
  - {fileID: 460166}
  - {fileID: 460168}
  - {fileID: 460120}
  m_BlendShapeWeights: []
  m_RootBone: {fileID: 460202}
  m_AABB:
    m_Center: {x: -.0365605652, y: -9.23871994e-07, z: .265639156}
    m_Extent: {x: .464732915, y: .759950876, z: .988154411}
  m_DirtyAABB: 0
--- !u!1001 &100100000
Prefab:
  m_ObjectHideFlags: 1
  serializedVersion: 2
  m_Modification:
    m_TransformParent: {fileID: 0}
    m_Modifications: []
    m_RemovedComponents: []
  m_ParentPrefab: {fileID: 0}
  m_RootGameObject: {fileID: 160204}
  m_IsPrefabParent: 1
  m_IsExploded: 1
